@BIBNOTE{sup,
  note={See Supplemental Material at [\textit{URL will be inserted by publisher}] for lengthy expressions.}
}

@ARTICLE{2019NuPhB.94614694E,
       author = {{Emelyanov}, Viacheslav A.},
        title = "{The Minkowski quantum vacuum does not gravitate}",
      journal = {Nuclear Physics B},
     keywords = {High Energy Physics - Theory, General Relativity and Quantum Cosmology, High Energy Physics - Phenomenology},
         year = 2019,
        month = sep,
       volume = {946},
          eid = {114694},
        pages = {114694},
          doi = {10.1016/j.nuclphysb.2019.114694},
archivePrefix = {arXiv},
       eprint = {1907.07938},
 primaryClass = {hep-th},
       adsurl = {https://ui.adsabs.harvard.edu/abs/2019NuPhB.94614694E},
      adsnote = {Provided by the SAO/NASA Astrophysics Data System}
}

@ARTICLE{1996PhRvD..53.7020G,
       author = {{Guendelman}, E.~I. and {Kaganovich}, A.~B.},
        title = "{Principle of nongravitating vacuum energy and some of its consequences}",
      journal = {\prd},
     keywords = {04.62.+v, 04.20.Cv, 04.50.+h, Quantum field theory in curved spacetime, Fundamental problems and general formalism, Gravity in more than four dimensions Kaluza-Klein theory unified field theories, alternative theories of gravity, General Relativity and Quantum Cosmology},
         year = 1996,
        month = jun,
       volume = {53},
       number = {12},
        pages = {7020-7025},
          doi = {10.1103/PhysRevD.53.7020},
archivePrefix = {arXiv},
       eprint = {gr-qc/9605026},
 primaryClass = {gr-qc},
       adsurl = {https://ui.adsabs.harvard.edu/abs/1996PhRvD..53.7020G},
      adsnote = {Provided by the SAO/NASA Astrophysics Data System}
}

@ARTICLE{2020arXiv200302690B,
       author = {{Barker}, W.~E.~V. and {Lasenby}, A.~N. and {Hobson}, M.~P. and {Handley}, W.~J.},
        title = "{Addressing $H_0$ tension with emergent dark radiation in unitary gravity}",
      journal = {arXiv e-prints},
     keywords = {General Relativity and Quantum Cosmology, Astrophysics - Cosmology and Nongalactic Astrophysics},
         year = 2020,
        month = mar,
          eid = {arXiv:2003.02690},
        pages = {arXiv:2003.02690},
archivePrefix = {arXiv},
       eprint = {2003.02690},
 primaryClass = {gr-qc},
       adsurl = {https://ui.adsabs.harvard.edu/abs/2020arXiv200302690B},
      adsnote = {Provided by the SAO/NASA Astrophysics Data System}
}

@ARTICLE{2019arXiv190403545Z,
       author = {{Zhang}, Hongchao and {Xu}, Lixin},
        title = "{Late-time acceleration and inflation in a Poincar{\'e} gauge cosmological model}",
      journal = {Journal of Cosmology and Astroparticle Physics},
     keywords = {General Relativity and Quantum Cosmology},
         year = 2019,
        month = sep,
       volume = {2019},
       number = {9},
          eid = {050},
        pages = {050},
          doi = {10.1088/1475-7516/2019/09/050},
archivePrefix = {arXiv},
       eprint = {1904.03545},
 primaryClass = {gr-qc},
       adsurl = {https://ui.adsabs.harvard.edu/abs/2019JCAP...09..050Z},
      adsnote = {Provided by the SAO/NASA Astrophysics Data System}
}

@ARTICLE{2019arXiv190604340Z,
       author = {{Zhang}, Hongchao and {Xu}, Lixin},
        title = "{Inflation in the general Poincar\'e gauge cosmology}",
      journal = {arXiv e-prints},
     keywords = {General Relativity and Quantum Cosmology},
         year = "2019",
        month = "Jun",
          eid = {arXiv:1906.04340},
        pages = {arXiv:1906.04340},
archivePrefix = {arXiv},
       eprint = {1906.04340},
 primaryClass = {gr-qc},
       adsurl = {https://ui.adsabs.harvard.edu/abs/2019arXiv190604340Z},
      adsnote = {Provided by the SAO/NASA Astrophysics Data System}
}

@ARTICLE{2014PhRvD..89h3521T,
       author = {{Tamanini}, Nicola},
        title = "{Dynamics of cosmological scalar fields}",
      journal = {\prd},
     keywords = {98.80.-k, 95.36.+x, Cosmology, Dark energy, General Relativity and Quantum Cosmology, Astrophysics - Cosmology and Nongalactic Astrophysics},
         year = 2014,
        month = apr,
       volume = {89},
       number = {8},
          eid = {083521},
        pages = {083521},
          doi = {10.1103/PhysRevD.89.083521},
archivePrefix = {arXiv},
       eprint = {1401.6339},
 primaryClass = {gr-qc},
       adsurl = {https://ui.adsabs.harvard.edu/abs/2014PhRvD..89h3521T},
      adsnote = {Provided by the SAO/NASA Astrophysics Data System}
}

@ARTICLE{lasenby-doran-heineke-2005,
       author = {{Lasenby}, A.~N. and {Doran}, C.~J.~L. and {Heineke}, R.},
        title = "{Analytic solutions to Riemann-squared gravity with background isotropic torsion}",
      journal = {arXiv e-prints},
     keywords = {General Relativity and Quantum Cosmology, Astrophysics},
         year = "2005",
        month = "Sep",
          eid = {gr-qc/0509014},
        pages = {gr-qc/0509014},
archivePrefix = {arXiv},
       eprint = {gr-qc/0509014},
 primaryClass = {gr-qc},
       adsurl = {https://ui.adsabs.harvard.edu/abs/2005gr.qc.....9014L},
      adsnote = {Provided by the SAO/NASA Astrophysics Data System}
}


@ARTICLE{1979PhLA...75...27T,
       author = {{Tsamparlis}, Michael},
        title = "{Cosmological principle and torsion}",
      journal = {Physics Letters A},
         year = "1979",
        month = "Dec",
       volume = {75},
       number = {1-2},
        pages = {27-28},
          doi = {10.1016/0375-9601(79)90265-2},
       adsurl = {https://ui.adsabs.harvard.edu/abs/1979PhLA...75...27T},
      adsnote = {Provided by the SAO/NASA Astrophysics Data System}
}

@article{2006gr.qc.....1089B,
    author = "Boehmer, Christian G. and Bronowski, Piotr",
    editor = "Baryakhtar, V.G. and Zagorodny, A.G. and Loktev, V.M. and Peletminsky, S.V. and Yukhnovskyi, I.R.",
    title = "{The Homogeneous and isotropic Weyssenhoff fluid}",
    eprint = "gr-qc/0601089",
    archivePrefix = "arXiv",
    reportNumber = "ASGBG-CIU-PREPRINT-22-01-2006B",
    journal = "Ukr. J. Phys.",
    volume = "55",
    number = "5",
    pages = "607--612",
    year = "2010"
}

@ARTICLE{2008CQGra..25x5016B,
       author = {{Brechet}, S.~D. and {Hobson}, M.~P. and {Lasenby}, A.~N.},
        title = "{Classical big-bounce cosmology: dynamical analysis of a homogeneous and irrotational Weyssenhoff fluid}",
      journal = {Classical and Quantum Gravity},
     keywords = {General Relativity and Quantum Cosmology, Astrophysics},
         year = "2008",
        month = "Dec",
       volume = {25},
       number = {24},
          eid = {245016},
        pages = {245016},
          doi = {10.1088/0264-9381/25/24/245016},
archivePrefix = {arXiv},
       eprint = {0807.2523},
 primaryClass = {gr-qc},
       adsurl = {https://ui.adsabs.harvard.edu/abs/2008CQGra..25x5016B},
      adsnote = {Provided by the SAO/NASA Astrophysics Data System}
}

@ARTICLE{2016JMP....57i2505L,
       author = {{Lasenby}, A.~N. and {Hobson}, M.~P.},
        title = "{Scale-invariant gauge theories of gravity: Theoretical foundations}",
      journal = {Journal of Mathematical Physics},
     keywords = {General Relativity and Quantum Cosmology, Astrophysics - Cosmology and Nongalactic Astrophysics, Mathematical Physics},
         year = 2016,
        month = sep,
       volume = {57},
       number = {9},
          eid = {092505},
        pages = {092505},
          doi = {10.1063/1.4963143},
archivePrefix = {arXiv},
       eprint = {1510.06699},
 primaryClass = {gr-qc},
       adsurl = {https://ui.adsabs.harvard.edu/abs/2016JMP....57i2505L},
      adsnote = {Provided by the SAO/NASA Astrophysics Data System}
}

@ARTICLE{2014PhRvD..89f5009P,
       author = {{Padilla}, Antonio and {Stefanyszyn}, David and {Tsoukalas}, Minas},
        title = "{Generalized scale invariant theories}",
      journal = {\prd},
     keywords = {11.25.Hf, 04.50.Kd, Conformal field theory algebraic structures, Modified theories of gravity, High Energy Physics - Theory, General Relativity and Quantum Cosmology},
         year = 2014,
        month = mar,
       volume = {89},
       number = {6},
          eid = {065009},
        pages = {065009},
          doi = {10.1103/PhysRevD.89.065009},
archivePrefix = {arXiv},
       eprint = {1312.0975},
 primaryClass = {hep-th},
       adsurl = {https://ui.adsabs.harvard.edu/abs/2014PhRvD..89f5009P},
      adsnote = {Provided by the SAO/NASA Astrophysics Data System}
}


@ARTICLE{1984CQGra...1..651G,
       author = {{Goenner}, H. and {Mueller-Hoissen}, F.},
        title = "{Spatially homogeneous and isotropic spaces in theories of gravitation with torsion}",
      journal = {Classical and Quantum Gravity},
     keywords = {Cosmology, Gauge Theory, Gravitation Theory, Torsion, Computational Astrophysics, Curvature, Differential Equations, Singularity (Mathematics), Physics (General)},
         year = "1984",
        month = "Nov",
       volume = {1},
       number = {6},
        pages = {651-672},
          doi = {10.1088/0264-9381/1/6/010},
       adsurl = {https://ui.adsabs.harvard.edu/abs/1984CQGra...1..651G},
      adsnote = {Provided by the SAO/NASA Astrophysics Data System}
}


@ARTICLE{2008PhRvD..78b3522S,
       author = {{Shie}, Kun-Feng and {Nester}, James M. and {Yo}, Hwei-Jang},
        title = "{Torsion cosmology and the accelerating universe}",
      journal = {\prd},
     keywords = {98.80.Jk, 04.50.-h, 98.80.Es, Mathematical and relativistic aspects of cosmology, Higher-dimensional gravity and other theories of gravity, Observational cosmology, General Relativity and Quantum Cosmology, Astrophysics},
         year = "2008",
        month = "Jul",
       volume = {78},
       number = {2},
          eid = {023522},
        pages = {023522},
          doi = {10.1103/PhysRevD.78.023522},
archivePrefix = {arXiv},
       eprint = {0805.3834},
 primaryClass = {gr-qc},
       adsurl = {https://ui.adsabs.harvard.edu/abs/2008PhRvD..78b3522S},
      adsnote = {Provided by the SAO/NASA Astrophysics Data System}
}


@ARTICLE{2013JCAP...03..040M,
       author = {{Minkevich}, A.~V. and {Garkun}, A.~S. and {Kudin}, V.~I.},
        title = "{On some physical aspects of isotropic cosmology in Riemann-Cartan spacetime}",
      journal = {Journal of Cosmology and Astro-Particle Physics},
     keywords = {General Relativity and Quantum Cosmology},
         year = "2013",
        month = "Mar",
       volume = {2013},
       number = {3},
          eid = {040},
        pages = {040},
          doi = {10.1088/1475-7516/2013/03/040},
archivePrefix = {arXiv},
       eprint = {1302.2578},
 primaryClass = {gr-qc},
       adsurl = {https://ui.adsabs.harvard.edu/abs/2013JCAP...03..040M},
      adsnote = {Provided by the SAO/NASA Astrophysics Data Sys}
}

@ARTICLE{2005NewAR..49...59P,
       author = {{Puetzfeld}, Dirk},
        title = "{Status of non-Riemannian cosmology}",
      journal = {\nar},
     keywords = {General Relativity and Quantum Cosmology, Astrophysics},
         year = "2005",
        month = "May",
       volume = {49},
        pages = {59-64},
          doi = {10.1016/j.newar.2005.01.022},
archivePrefix = {arXiv},
       eprint = {gr-qc/0404119},
 primaryClass = {gr-qc},
       adsurl = {https://ui.adsabs.harvard.edu/abs/2005NewAR..49...59P},
      adsnote = {Provided by the SAO/NASA Astrophysics Data System}
}

@ARTICLE{1980PhRvD..21.3269S,
       author = {{Sezgin}, E. and {van Nieuwenhuizen}, P.},
        title = "{New ghost-free gravity Lagrangians with propagating torsion}",
      journal = {\prd},
         year = "1980",
        month = "Jun",
       volume = {21},
       number = {12},
        pages = {3269-3280},
          doi = {10.1103/PhysRevD.21.3269},
       adsurl = {https://ui.adsabs.harvard.edu/abs/1980PhRvD..21.3269S},
      adsnote = {Provided by the SAO/NASA Astrophysics Data System}
}

@ARTICLE{2019PhRvD..99f4001L,
       author = {{Lin}, Yun-Cherng and {Hobson}, Michael P. and {Lasenby}, Anthony N.},
        title = "{Ghost and tachyon free Poincar{\'e} gauge theories: A systematic approach}",
      journal = {\prd},
     keywords = {General Relativity and Quantum Cosmology, High Energy Physics - Theory},
         year = "2019",
        month = "Mar",
       volume = {99},
       number = {6},
          eid = {064001},
        pages = {064001},
          doi = {10.1103/PhysRevD.99.064001},
archivePrefix = {arXiv},
       eprint = {1812.02675},
 primaryClass = {gr-qc},
       adsurl = {https://ui.adsabs.harvard.edu/abs/2019PhRvD..99f4001L},
      adsnote = {Provided by the SAO/NASA Astrophysics Data System}
}

@ARTICLE{2020PhRvD.101f4038L,
       author = {{Lin}, Yun-Cherng and {Hobson}, Michael P. and {Lasenby}, Anthony N.},
        title = "{Power-counting renormalizable, ghost-and-tachyon-free Poincar{\'e} gauge theories}",
      journal = {\prd},
     keywords = {General Relativity and Quantum Cosmology, High Energy Physics - Theory},
         year = 2020,
        month = mar,
       volume = {101},
       number = {6},
          eid = {064038},
        pages = {064038},
          doi = {10.1103/PhysRevD.101.064038},
archivePrefix = {arXiv},
       eprint = {1910.14197},
 primaryClass = {gr-qc},
       adsurl = {https://ui.adsabs.harvard.edu/abs/2020PhRvD.101f4038L},
      adsnote = {Provided by the SAO/NASA Astrophysics Data System}
}

@ARTICLE{2019CQGra..36m5009B,
       author = {{Banerjee}, Shreya and {Cai}, Yi-Fu and {Saridakis}, Emmanuel N.},
        title = "{Evading the theoretical no-go theorem for nonsingular bounces in Horndeski/Galileon cosmology}",
      journal = {Classical and Quantum Gravity},
     keywords = {General Relativity and Quantum Cosmology, Astrophysics - Cosmology and Nongalactic Astrophysics, High Energy Physics - Theory},
         year = 2019,
        month = jul,
       volume = {36},
       number = {13},
          eid = {135009},
        pages = {135009},
          doi = {10.1088/1361-6382/ab256a},
archivePrefix = {arXiv},
       eprint = {1808.01170},
 primaryClass = {gr-qc},
       adsurl = {https://ui.adsabs.harvard.edu/abs/2019CQGra..36m5009B},
      adsnote = {Provided by the SAO/NASA Astrophysics Data System}
}

@ARTICLE{2001NuPhB.597..127B,
       author = {{Boulanger}, Nicolas and {Damour}, Thibault and {Gualtieri}, Leonardo and
         {Henneaux}, Marc},
        title = "{Inconsistency of interacting, multi-graviton theories}",
      journal = {Nuclear Physics B},
     keywords = {High Energy Physics - Theory},
         year = 2001,
        month = mar,
       volume = {597},
       number = {1},
        pages = {127-171},
          doi = {10.1016/S0550-3213(00)00718-5},
archivePrefix = {arXiv},
       eprint = {hep-th/0007220},
 primaryClass = {hep-th},
       adsurl = {https://ui.adsabs.harvard.edu/abs/2001NuPhB.597..127B},
      adsnote = {Provided by the SAO/NASA Astrophysics Data System}
}

@ARTICLE{2019RPPh...82h6901K,
       author = {{Kobayashi}, Tsutomu},
        title = "{Horndeski theory and beyond: a review}",
      journal = {Reports on Progress in Physics},
     keywords = {General Relativity and Quantum Cosmology, Astrophysics - Cosmology and Nongalactic Astrophysics, High Energy Physics - Theory},
         year = 2019,
        month = aug,
       volume = {82},
       number = {8},
          eid = {086901},
        pages = {086901},
          doi = {10.1088/1361-6633/ab2429},
archivePrefix = {arXiv},
       eprint = {1901.07183},
 primaryClass = {gr-qc},
       adsurl = {https://ui.adsabs.harvard.edu/abs/2019RPPh...82h6901K},
      adsnote = {Provided by the SAO/NASA Astrophysics Data System}
}

@ARTICLE{1974IJTP...10..363H,
       author = {{Horndeski}, Gregory Walter},
        title = "{Second-Order Scalar-Tensor Field Equations in a Four-Dimensional Space}",
      journal = {International Journal of Theoretical Physics},
         year = 1974,
        month = sep,
       volume = {10},
       number = {6},
        pages = {363-384},
          doi = {10.1007/BF01807638},
       adsurl = {https://ui.adsabs.harvard.edu/abs/1974IJTP...10..363H},
      adsnote = {Provided by the SAO/NASA Astrophysics Data System}
}

@ARTICLE{2013JHEP...04..032P,
       author = {{Padilla}, Antonio and {Sivanesan}, Vishagan},
        title = "{Covariant multi-galileons and their generalisation}",
      journal = {Journal of High Energy Physics},
     keywords = {Classical Theories of Gravity, Field Theories in Higher Dimensions, General Relativity and Quantum Cosmology, Astrophysics - Cosmology and Nongalactic Astrophysics, High Energy Physics - Theory},
         year = 2013,
        month = apr,
       volume = {2013},
          eid = {32},
        pages = {32},
          doi = {10.1007/JHEP04(2013)032},
archivePrefix = {arXiv},
       eprint = {1210.4026},
 primaryClass = {gr-qc},
       adsurl = {https://ui.adsabs.harvard.edu/abs/2013JHEP...04..032P},
      adsnote = {Provided by the SAO/NASA Astrophysics Data System}
}


@ARTICLE{1961JMP.....2..212K,
       author = {{Kibble}, T.~W.~B.},
        title = "{Lorentz Invariance and the Gravitational Field}",
      journal = {Journal of Mathematical Physics},
         year = "1961",
        month = "Mar",
       volume = {2},
        pages = {212-221},
          doi = {10.1063/1.1703702},
       adsurl = {https://ui.adsabs.harvard.edu/abs/1961JMP.....2..212K},
      adsnote = {Provided by the SAO/NASA Astrophysics Data System}
}


@article{PhysRev.101.1597,
  title = {Invariant Theoretical Interpretation of Interaction},
  author = {Utiyama, Ryoyu},
  journal = {Phys. Rev.},
  volume = {101},
  issue = {5},
  pages = {1597--1607},
  numpages = {0},
  year = {1956},
  month = {Mar},
  publisher = {American Physical Society},
  doi = {10.1103/PhysRev.101.1597},
  url = {https://link.aps.org/doi/10.1103/PhysRev.101.1597}
}


@article{RevModPhys.36.463,
  title = {The Physical Structure of General Relativity},
  author = {Sciama, D. W.},
  journal = {Rev. Mod. Phys.},
  volume = {36},
  issue = {1},
  pages = {463--469},
  numpages = {0},
  year = {1964},
  month = {Jan},
  publisher = {American Physical Society},
  doi = {10.1103/RevModPhys.36.463},
  url = {https://link.aps.org/doi/10.1103/RevModPhys.36.463}
}

@INPROCEEDINGS{2015JPhCS.631a2032R,
       author = {{Rubio}, Javier},
        title = "{Higgs inflation and vacuum stability}",
     keywords = {High Energy Physics - Phenomenology, Astrophysics - Cosmology and Nongalactic Astrophysics, General Relativity and Quantum Cosmology},
    booktitle = {Journal of Physics Conference Series},
         year = 2015,
       series = {Journal of Physics Conference Series},
       volume = {631},
        month = jul,
          eid = {012032},
        pages = {012032},
          doi = {10.1088/1742-6596/631/1/012032},
archivePrefix = {arXiv},
       eprint = {1502.07952},
 primaryClass = {hep-ph},
       adsurl = {https://ui.adsabs.harvard.edu/abs/2015JPhCS.631a2032R},
      adsnote = {Provided by the SAO/NASA Astrophysics Data System}
}

@article{Woodard:2015zca,
    author = "Woodard, Richard P.",
    archivePrefix = "arXiv",
    doi = "10.4249/scholarpedia.32243",
    eprint = "1506.02210",
    journal = "Scholarpedia",
    number = "8",
    pages = "32243",
    primaryClass = "hep-th",
    reportNumber = "UFIFT-QG-15-03",
    title = "{Ostrogradsky's theorem on Hamiltonian instability}",
    volume = "10",
    year = "2015"
}

@ARTICLE{2013PhRvD..88h3504K,
       author = {{Kobayashi}, Tsutomu and {Tanahashi}, Norihiro and {Yamaguchi}, Masahide},
        title = "{Multifield extension of G inflation}",
      journal = {\prd},
     keywords = {98.80.Cq, Particle-theory and field-theory models of the early Universe, High Energy Physics - Theory, Astrophysics - Cosmology and Nongalactic Astrophysics, General Relativity and Quantum Cosmology, High Energy Physics - Phenomenology},
         year = 2013,
        month = oct,
       volume = {88},
       number = {8},
          eid = {083504},
        pages = {083504},
          doi = {10.1103/PhysRevD.88.083504},
archivePrefix = {arXiv},
       eprint = {1308.4798},
 primaryClass = {hep-th},
       adsurl = {https://ui.adsabs.harvard.edu/abs/2013PhRvD..88h3504K},
      adsnote = {Provided by the SAO/NASA Astrophysics Data System}
}

@ARTICLE{1997JGP....22..103W,
       author = {{Witten}, Edward},
        title = "{Five-brane effective action in M-theory}",
      journal = {Journal of Geometry and Physics},
     keywords = {High Energy Physics - Theory},
         year = 1997,
        month = may,
       volume = {22},
       number = {2},
        pages = {103-133},
          doi = {10.1016/S0393-0440(97)80160-X},
archivePrefix = {arXiv},
       eprint = {hep-th/9610234},
 primaryClass = {hep-th},
       adsurl = {https://ui.adsabs.harvard.edu/abs/1997JGP....22..103W},
      adsnote = {Provided by the SAO/NASA Astrophysics Data System}
}

@ARTICLE{2019PhLB..79834948L,
       author = {{Lambert}, Neil},
        title = "{(2,0) lagrangian structures}",
      journal = {Physics Letters B},
     keywords = {High Energy Physics - Theory},
         year = 2019,
        month = nov,
       volume = {798},
          eid = {134948},
        pages = {134948},
          doi = {10.1016/j.physletb.2019.134948},
archivePrefix = {arXiv},
       eprint = {1908.10752},
 primaryClass = {hep-th},
       adsurl = {https://ui.adsabs.harvard.edu/abs/2019PhLB..79834948L},
      adsnote = {Provided by the SAO/NASA Astrophysics Data System}
}

@ARTICLE{1985JMP....26.3180C,
       author = {{Cant}, A. and {Ne'eman}, Y.},
        title = "{Spinorial infinite equations fitting metric-affine gravity}",
      journal = {Journal of Mathematical Physics},
         year = 1985,
        month = dec,
       volume = {26},
       number = {12},
        pages = {3180-3189},
          doi = {10.1063/1.526646},
       adsurl = {https://ui.adsabs.harvard.edu/abs/1985JMP....26.3180C},
      adsnote = {Provided by the SAO/NASA Astrophysics Data System}
}


@ARTICLE{2002IJMPD..11..747Y,
       author = {{Yo}, Hwei-Jang and {Nester}, James M. and {Ni}, W.~T.},
        title = "{Hamiltonian Analysis of Poincar{\'e} Gauge Theory}",
      journal = {International Journal of Modern Physics D},
     keywords = {04.20.Fy, 04.50+h, Canonical formalism Lagrangians and variational principles, General Relativity and Quantum Cosmology},
         year = "2002",
        month = "Jan",
       volume = {11},
       number = {5},
        pages = {747-779},
          doi = {10.1142/S0218271802001998},
archivePrefix = {arXiv},
       eprint = {gr-qc/0112030},
 primaryClass = {gr-qc},
       adsurl = {https://ui.adsabs.harvard.edu/abs/2002IJMPD..11..747Y},
      adsnote = {Provided by the SAO/NASA Astrophysics Data System}
}

@ARTICLE{1999IJMPD...8..459Y,
       author = {{Yo}, Hwei-Jang and {Nester}, James M.},
        title = "{Hamiltonian Analysis of POINCAR{\'E} Gauge Theory Scalar Modes}",
      journal = {International Journal of Modern Physics D},
     keywords = {General Relativity and Quantum Cosmology},
         year = "1999",
        month = "Jan",
       volume = {8},
       number = {4},
        pages = {459-479},
          doi = {10.1142/S021827189900033X},
archivePrefix = {arXiv},
       eprint = {gr-qc/9902032},
 primaryClass = {gr-qc},
       adsurl = {https://ui.adsabs.harvard.edu/abs/1999IJMPD...8..459Y},
      adsnote = {Provided by the SAO/NASA Astrophysics Data System}
}

@ARTICLE{2018arXiv180401318S,
       author = {{Scott}, Douglas},
        title = "{The Standard Model of Cosmology: A Skeptic's Guide}",
      journal = {arXiv e-prints},
     keywords = {Astrophysics - Cosmology and Nongalactic Astrophysics},
         year = "2018",
        month = "Apr",
          eid = {arXiv:1804.01318},
        pages = {arXiv:1804.01318},
archivePrefix = {arXiv},
       eprint = {1804.01318},
 primaryClass = {astro-ph.CO},
       adsurl = {https://ui.adsabs.harvard.edu/abs/2018arXiv180401318S},
      adsnote = {Provided by the SAO/NASA Astrophysics Data System}
}


@ARTICLE{2016PDU....12...56B,
       author = {{Bull et al.}, Philip},
        title = "{Beyond {\ensuremath{\Lambda}} CDM: Problems, solutions, and the road ahead}",
      journal = {Physics of the Dark Universe},
     keywords = {Cosmology, Dark energy, Cosmological constant problem, Modified gravity, Dark matter, Early universe, Astrophysics - Cosmology and Nongalactic Astrophysics, Astrophysics - Astrophysics of Galaxies, General Relativity and Quantum Cosmology, High Energy Physics - Phenomenology, High Energy Physics - Theory},
         year = "2016",
        month = "Jun",
       volume = {12},
        pages = {56-99},
          doi = {10.1016/j.dark.2016.02.001},
archivePrefix = {arXiv},
       eprint = {1512.05356},
 primaryClass = {astro-ph.CO},
       adsurl = {https://ui.adsabs.harvard.edu/abs/2016PDU....12...56B},
      adsnote = {Provided by the SAO/NASA Astrophysics Data System}
}


@ARTICLE{2019NatAs...3..891V,
       author = {{Verde}, Licia and {Treu}, Tommaso and {Riess}, Adam G.},
        title = "{Tensions between the early and late Universe}",
      journal = {Nature Astronomy},
     keywords = {Astrophysics - Cosmology and Nongalactic Astrophysics, General Relativity and Quantum Cosmology, High Energy Physics - Phenomenology, High Energy Physics - Theory},
         year = "2019",
        month = "Sep",
       volume = {3},
        pages = {891-895},
          doi = {10.1038/s41550-019-0902-0},
archivePrefix = {arXiv},
       eprint = {1907.10625},
 primaryClass = {astro-ph.CO},
       adsurl = {https://ui.adsabs.harvard.edu/abs/2019NatAs...3..891V},
      adsnote = {Provided by the SAO/NASA Astrophysics Data System}
}



@ARTICLE{2019arXiv190809139H,
       author = {{Handley}, Will},
        title = "{Curvature tension: evidence for a closed universe}",
      journal = {arXiv e-prints},
     keywords = {Astrophysics - Cosmology and Nongalactic Astrophysics, General Relativity and Quantum Cosmology},
         year = "2019",
        month = "Aug",
          eid = {arXiv:1908.09139},
        pages = {arXiv:1908.09139},
archivePrefix = {arXiv},
       eprint = {1908.09139},
 primaryClass = {astro-ph.CO},
       adsurl = {https://ui.adsabs.harvard.edu/abs/2019arXiv190809139H},
      adsnote = {Provided by the SAO/NASA Astrophysics Data System}
}

@ARTICLE{2019arXiv191102087D,
       author = {{Di Valentino}, Eleonora and {Melchiorri}, Alessandro and {Silk}, Joseph},
        title = "{Planck evidence for a closed Universe and a possible crisis for cosmology}",
      journal = {Nature Astronomy},
     keywords = {Astrophysics - Cosmology and Nongalactic Astrophysics, General Relativity and Quantum Cosmology, High Energy Physics - Phenomenology, High Energy Physics - Theory},
         year = 2020,
        month = feb,
       volume = {4},
        pages = {196-203},
          doi = {10.1038/s41550-019-0906-9},
archivePrefix = {arXiv},
       eprint = {1911.02087},
 primaryClass = {astro-ph.CO},
       adsurl = {https://ui.adsabs.harvard.edu/abs/2020NatAs...4..196D},
      adsnote = {Provided by the SAO/NASA Astrophysics Data System}
}

@ARTICLE{2017ARA&A..55..343B,
       author = {{Bullock}, James S. and {Boylan-Kolchin}, Michael},
        title = "{Small-Scale Challenges to the {\ensuremath{\Lambda}}CDM Paradigm}",
      journal = {\araa},
     keywords = {Astrophysics - Cosmology and Nongalactic Astrophysics, High Energy Physics - Phenomenology},
         year = "2017",
        month = "Aug",
       volume = {55},
       number = {1},
        pages = {343-387},
          doi = {10.1146/annurev-astro-091916-055313},
archivePrefix = {arXiv},
       eprint = {1707.04256},
 primaryClass = {astro-ph.CO},
       adsurl = {https://ui.adsabs.harvard.edu/abs/2017ARA&A..55..343B},
      adsnote = {Provided by the SAO/NASA Astrophysics Data System}
}


@ARTICLE{2019NatRP...2...10R,
       author = {{Riess}, Adam G.},
        title = "{The expansion of the Universe is faster than expected}",
      journal = {Nature Reviews Physics},
     keywords = {Astrophysics - Cosmology and Nongalactic Astrophysics},
         year = 2019,
        month = dec,
       volume = {2},
       number = {1},
        pages = {10-12},
          doi = {10.1038/s42254-019-0137-0},
archivePrefix = {arXiv},
       eprint = {2001.03624},
 primaryClass = {astro-ph.CO},
       adsurl = {https://ui.adsabs.harvard.edu/abs/2019NatRP...2...10R},
      adsnote = {Provided by the SAO/NASA Astrophysics Data System}
}


@ARTICLE{2019ApJ...876...85R,
       author = {{Riess}, Adam G. and {Casertano}, Stefano and {Yuan}, Wenlong and
         {Macri}, Lucas M. and {Scolnic}, Dan},
        title = "{Large Magellanic Cloud Cepheid Standards Provide a 1\% Foundation for the Determination of the Hubble Constant and Stronger Evidence for Physics beyond {\ensuremath{\Lambda}}CDM}",
      journal = {\apj},
     keywords = {cosmological parameters, distance scale, stars: variables: Cepheids, supernovae: general, Astrophysics - Cosmology and Nongalactic Astrophysics, Astrophysics - Astrophysics of Galaxies},
         year = "2019",
        month = "May",
       volume = {876},
       number = {1},
          eid = {85},
        pages = {85},
          doi = {10.3847/1538-4357/ab1422},
archivePrefix = {arXiv},
       eprint = {1903.07603},
 primaryClass = {astro-ph.CO},
       adsurl = {https://ui.adsabs.harvard.edu/abs/2019ApJ...876...85R},
      adsnote = {Provided by the SAO/NASA Astrophysics Data System}
}

@ARTICLE{2013PhRvD..88h3518R,
       author = {{Remmen}, Grant N. and {Carroll}, Sean M.},
        title = "{Attractor solutions in scalar-field cosmology}",
      journal = {\prd},
     keywords = {98.80.Cq, 04.60.Kz, 95.36.+x, Particle-theory and field-theory models of the early Universe, Lower dimensional models, minisuperspace models, Dark energy, General Relativity and Quantum Cosmology, Astrophysics - Cosmology and Extragalactic Astrophysics, High Energy Physics - Theory},
         year = "2013",
        month = "Oct",
       volume = {88},
       number = {8},
          eid = {083518},
        pages = {083518},
          doi = {10.1103/PhysRevD.88.083518},
archivePrefix = {arXiv},
       eprint = {1309.2611},
 primaryClass = {gr-qc},
       adsurl = {https://ui.adsabs.harvard.edu/abs/2013PhRvD..88h3518R},
      adsnote = {Provided by the SAO/NASA Astrophysics Data System}
}

@ARTICLE{2018arXiv180106929G,
       author = {{Golovnev}, Alexey},
        title = "{Introduction to teleparallel gravities}",
      journal = {arXiv e-prints},
     keywords = {General Relativity and Quantum Cosmology, High Energy Physics - Theory},
         year = 2018,
        month = jan,
          eid = {arXiv:1801.06929},
        pages = {arXiv:1801.06929},
archivePrefix = {arXiv},
       eprint = {1801.06929},
 primaryClass = {gr-qc},
       adsurl = {https://ui.adsabs.harvard.edu/abs/2018arXiv180106929G},
      adsnote = {Provided by the SAO/NASA Astrophysics Data System}
}

@ARTICLE{2007PhRvD..75l3509A,
       author = {{Afshordi}, Niayesh and {Chung}, Daniel J.~H. and {Doran}, Michael and
         {Geshnizjani}, Ghazal},
        title = "{Cuscuton cosmology: Dark energy meets modified gravity}",
      journal = {\prd},
     keywords = {98.80.Cq, 04.20.Gz, 04.62.+v, 95.36.+x, Particle-theory and field-theory models of the early Universe, Spacetime topology causal structure spinor structure, Quantum field theory in curved spacetime, Dark energy, Astrophysics, General Relativity and Quantum Cosmology, High Energy Physics - Phenomenology, High Energy Physics - Theory},
         year = 2007,
        month = jun,
       volume = {75},
       number = {12},
          eid = {123509},
        pages = {123509},
          doi = {10.1103/PhysRevD.75.123509},
archivePrefix = {arXiv},
       eprint = {astro-ph/0702002},
 primaryClass = {astro-ph},
       adsurl = {https://ui.adsabs.harvard.edu/abs/2007PhRvD..75l3509A},
      adsnote = {Provided by the SAO/NASA Astrophysics Data System}
}

@ARTICLE{2020arXiv200405841B,
       author = {{Ben Achour}, Jibril and {Livine}, Etera R.},
        title = "{Generating the cosmological constant from a conformal transformation}",
      journal = {arXiv e-prints},
     keywords = {General Relativity and Quantum Cosmology},
         year = 2020,
        month = apr,
          eid = {arXiv:2004.05841},
        pages = {arXiv:2004.05841},
archivePrefix = {arXiv},
       eprint = {2004.05841},
 primaryClass = {gr-qc},
       adsurl = {https://ui.adsabs.harvard.edu/abs/2020arXiv200405841B},
      adsnote = {Provided by the SAO/NASA Astrophysics Data System}
}

@ARTICLE{2007PhRvD..75h3513A,
       author = {{Afshordi}, Niayesh and {Chung}, Daniel J.~H. and {Geshnizjani}, Ghazal},
        title = "{Causal field theory with an infinite speed of sound}",
      journal = {\prd},
     keywords = {98.80.Cq, 04.20.Gz, 04.62.+v, Particle-theory and field-theory models of the early Universe, Spacetime topology causal structure spinor structure, Quantum field theory in curved spacetime, High Energy Physics - Theory, Astrophysics, General Relativity and Quantum Cosmology, High Energy Physics - Phenomenology},
         year = 2007,
        month = apr,
       volume = {75},
       number = {8},
          eid = {083513},
        pages = {083513},
          doi = {10.1103/PhysRevD.75.083513},
archivePrefix = {arXiv},
       eprint = {hep-th/0609150},
 primaryClass = {hep-th},
       adsurl = {https://ui.adsabs.harvard.edu/abs/2007PhRvD..75h3513A},
      adsnote = {Provided by the SAO/NASA Astrophysics Data System}
}

@ARTICLE{2008JHEP...03..014C,
       author = {{Cheung}, Clifford and {Fitzpatrick}, A. Liam and {Kaplan}, Jared and
         {Senatore}, Leonardo and {Creminelli}, Paolo},
        title = "{The effective field theory of inflation}",
      journal = {Journal of High Energy Physics},
     keywords = {High Energy Physics - Theory, Astrophysics, High Energy Physics - Phenomenology},
         year = 2008,
        month = mar,
       volume = {2008},
       number = {3},
          eid = {014-014},
        pages = {014-014},
          doi = {10.1088/1126-6708/2008/03/014},
archivePrefix = {arXiv},
       eprint = {0709.0293},
 primaryClass = {hep-th},
       adsurl = {https://ui.adsabs.harvard.edu/abs/2008JHEP...03..014C},
      adsnote = {Provided by the SAO/NASA Astrophysics Data System}
}

@ARTICLE{2019IJMPD..2830012Q,
       author = {{Quiros}, Israel},
        title = "{Selected topics in scalar-tensor theories and beyond}",
      journal = {International Journal of Modern Physics D},
     keywords = {Brans─Dicke theory, scalar─tensor theories, Horndeski theories, cosmological models, dynamical systems, 04.20.Fy, 04.20.Ha, 04.50.{\ensuremath{-}}h, 04.50.Kd, 98.80.{\ensuremath{-}}k, 98.80.Jk, Canonical formalism Lagrangians and variational principles, Asymptotic structure, Modified theories of gravity, Mathematical and relativistic aspects of cosmology, General Relativity and Quantum Cosmology, Astrophysics - Cosmology and Nongalactic Astrophysics, High Energy Physics - Theory},
         year = 2019,
        month = jan,
       volume = {28},
       number = {7},
          eid = {1930012-156},
        pages = {1930012-156},
          doi = {10.1142/S021827181930012X},
archivePrefix = {arXiv},
       eprint = {1901.08690},
 primaryClass = {gr-qc},
       adsurl = {https://ui.adsabs.harvard.edu/abs/2019IJMPD..2830012Q},
      adsnote = {Provided by the SAO/NASA Astrophysics Data System}
}

@ARTICLE{2010JCAP...10..026D,
       author = {{Deffayet}, C{\'e}dric and {Pujol{\`a}s}, Oriol and {Sawicki}, Ignacy and
         {Vikman}, Alexander},
        title = "{Imperfect dark energy from kinetic gravity braiding}",
      journal = {\jcap},
     keywords = {High Energy Physics - Theory, Astrophysics - Cosmology and Extragalactic Astrophysics, General Relativity and Quantum Cosmology, High Energy Physics - Phenomenology},
         year = 2010,
        month = oct,
       volume = {2010},
       number = {10},
          eid = {026},
        pages = {026},
          doi = {10.1088/1475-7516/2010/10/026},
archivePrefix = {arXiv},
       eprint = {1008.0048},
 primaryClass = {hep-th},
       adsurl = {https://ui.adsabs.harvard.edu/abs/2010JCAP...10..026D},
      adsnote = {Provided by the SAO/NASA Astrophysics Data System}
}

@ARTICLE{2020MNRAS.494.2158R,
       author = {{Ringermacher}, H.~I. and {Mead}, L.~R.},
        title = "{Reaffirmation of cosmological oscillations in the scale factor from the Pantheon compilation of 1048 Type Ia supernovae}",
      journal = {\mnras},
     keywords = {cosmological parameters, dark matter, Astrophysics - Cosmology and Nongalactic Astrophysics},
         year = 2020,
        month = apr,
       volume = {494},
       number = {2},
        pages = {2158-2165},
          doi = {10.1093/mnras/staa872},
archivePrefix = {arXiv},
       eprint = {1901.10311},
 primaryClass = {astro-ph.CO},
       adsurl = {https://ui.adsabs.harvard.edu/abs/2020MNRAS.494.2158R},
      adsnote = {Provided by the SAO/NASA Astrophysics Data System}
}

@BOOK{blagojevic2002gravitation,
  title={Gravitation and Gauge Symmetries},
  author={Blagojevi{\'c}, M.},
  isbn={9780585485850},
  series={Series in high energy physics, cosmology, and gravitation},
  url={https://books.google.co.uk/books?id=Bmm2ugEACAAJ},
  year={2002},
  publisher={Institute of Physics Pub.}
}

@ARTICLE{1998RSPTA.356..487L,
       author = {{Lasenby}, A. and {Doran}, C. and {Gull}, S.},
        title = "{Gravity, gauge theories and geometric algebra}",
      journal = {Philosophical Transactions of the Royal Society of London Series A},
     keywords = {General Relativity and Quantum Cosmology, Astrophysics},
         year = 1998,
        month = mar,
       volume = {356},
       number = {1737},
        pages = {487},
          doi = {10.1098/rsta.1998.0178},
archivePrefix = {arXiv},
       eprint = {gr-qc/0405033},
 primaryClass = {gr-qc},
       adsurl = {https://ui.adsabs.harvard.edu/abs/1998RSPTA.356..487L},
      adsnote = {Provided by the SAO/NASA Astrophysics Data System}
}

@ARTICLE{2020arXiv200406058I,
       author = {{Izaurieta}, Fernando and {Lepe}, Samuel},
        title = "{Cosmological Dark Matter Amplification through Dark Torsion}",
      journal = {arXiv e-prints},
     keywords = {General Relativity and Quantum Cosmology, Astrophysics - Cosmology and Nongalactic Astrophysics},
         year = 2020,
        month = apr,
          eid = {arXiv:2004.06058},
        pages = {arXiv:2004.06058},
archivePrefix = {arXiv},
       eprint = {2004.06058},
 primaryClass = {gr-qc},
       adsurl = {https://ui.adsabs.harvard.edu/abs/2020arXiv200406058I},
      adsnote = {Provided by the SAO/NASA Astrophysics Data System}
}

@ARTICLE{2018arXiv180706209P,
       author = {{Planck Collaboration}},
        title = "{Planck 2018 results. VI. Cosmological parameters}",
      journal = {arXiv e-prints},
     keywords = {Astrophysics - Cosmology and Nongalactic Astrophysics},
         year = "2018",
        month = "Jul",
          eid = {arXiv:1807.06209},
        pages = {arXiv:1807.06209},
archivePrefix = {arXiv},
       eprint = {1807.06209},
 primaryClass = {astro-ph.CO},
       adsurl = {https://ui.adsabs.harvard.edu/abs/2018arXiv180706209P},
      adsnote = {Provided by the SAO/NASA Astrophysics Data System}
}

@ARTICLE{2012CRPhy..13..566M,
       author = {{Martin}, J{\'e}r{\^o}me},
        title = "{Everything you always wanted to know about the cosmological constant problem (but were afraid to ask)}",
      journal = {Comptes Rendus Physique},
     keywords = {Astrophysics - Cosmology and Nongalactic Astrophysics, General Relativity and Quantum Cosmology, High Energy Physics - Phenomenology, High Energy Physics - Theory},
         year = 2012,
        month = jul,
       volume = {13},
       number = {6-7},
        pages = {566-665},
          doi = {10.1016/j.crhy.2012.04.008},
archivePrefix = {arXiv},
       eprint = {1205.3365},
 primaryClass = {astro-ph.CO},
       adsurl = {https://ui.adsabs.harvard.edu/abs/2012CRPhy..13..566M},
      adsnote = {Provided by the SAO/NASA Astrophysics Data System}
}


@ARTICLE{1973RSPSA.333..403D,
       author = {{Dirac}, P.~A.~M.},
        title = "{Long Range Forces and Broken Symmetries}",
      journal = {Proceedings of the Royal Society of London Series A},
         year = "1973",
        month = "Jun",
       volume = {333},
       number = {1595},
        pages = {403-418},
          doi = {10.1098/rspa.1973.0070},
       adsurl = {https://ui.adsabs.harvard.edu/abs/1973RSPSA.333..403D},
      adsnote = {Provided by the SAO/NASA Astrophysics Data System}
}

@ARTICLE{1990GReGr..22..289M,
       author = {{Mannheim}, Philip D.},
        title = "{Conformal cosmology with no cosmological constant}",
      journal = {General Relativity and Gravitation},
         year = "1990",
        month = "Mar",
       volume = {22},
       number = {3},
        pages = {289-298},
          doi = {10.1007/BF00756278},
       adsurl = {https://ui.adsabs.harvard.edu/abs/1990GReGr..22..289M},
      adsnote = {Provided by the SAO/NASA Astrophysics Data System}
}

@ARTICLE{1992ApJ...391..429M,
       author = {{Mannheim}, Philip D.},
        title = "{Conformal Gravity and the Flatness Problem}",
      journal = {The Astrophysical Journal},
     keywords = {Conformal Mapping, Cosmology, Einstein Equations, Gravitation Theory, Gravitational Fields, Electromagnetism, Quantum Theory, Space-Time Functions, Astrophysics, COSMOLOGY: THEORY},
         year = "1992",
        month = "Jun",
       volume = {391},
        pages = {429},
          doi = {10.1086/171358},
       adsurl = {https://ui.adsabs.harvard.edu/abs/1992ApJ...391..429M},
      adsnote = {Provided by the SAO/NASA Astrophysics Data System}
}

@ARTICLE{2020arXiv200312256O,
       author = {{Oda}, Ichiro},
        title = "{Planck scale from broken local conformal invariance in Weyl geometry}",
      journal = {arXiv e-prints},
     keywords = {High Energy Physics - Theory, General Relativity and Quantum Cosmology, High Energy Physics - Phenomenology},
         year = 2020,
        month = mar,
          eid = {arXiv:2003.12256},
        pages = {arXiv:2003.12256},
archivePrefix = {arXiv},
       eprint = {2003.12256},
 primaryClass = {hep-th},
       adsurl = {https://ui.adsabs.harvard.edu/abs/2020arXiv200312256O},
      adsnote = {Provided by the SAO/NASA Astrophysics Data System}
}

@article{1999astro.ph.10176F,
    author = "Faraoni, V. and Gunzig, E.",
    title = "{Einstein frame or Jordan frame?}",
    eprint = "astro-ph/9910176",
    archivePrefix = "arXiv",
    doi = "10.1023/A:1026645510351",
    journal = "Int. J. Theor. Phys.",
    volume = "38",
    pages = "217--225",
    year = "1999"
}

@ARTICLE{2007MPLA...22..367B,
       author = {{Bhadra}, A. and {Sarkar}, K. and {Datta}, D.~P. and {Nandi}, K.~K.},
        title = "{Brans-Dicke Theory:. Jordan Versus Einstein Frame}",
      journal = {Modern Physics Letters A},
     keywords = {04.50.+h, Gravity in more than four dimensions Kaluza-Klein theory unified field theories, alternative theories of gravity, General Relativity and Quantum Cosmology},
         year = 2007,
        month = jan,
       volume = {22},
       number = {5},
        pages = {367-375},
          doi = {10.1142/S021773230702261X},
archivePrefix = {arXiv},
       eprint = {gr-qc/0605109},
 primaryClass = {gr-qc},
       adsurl = {https://ui.adsabs.harvard.edu/abs/2007MPLA...22..367B},
      adsnote = {Provided by the SAO/NASA Astrophysics Data System}
}

@article{Kamenshchik:2016gcy,
    author = "Kamenshchik, A.Yu. and Pozdeeva, E.O. and Vernov, Sergey Yu. and Tronconi, A. and Venturi, G.",
    title = "{Transformations between Jordan and Einstein frames: Bounces, antigravity, and crossing singularities}",
    eprint = "1602.07192",
    archivePrefix = "arXiv",
    primaryClass = "gr-qc",
    doi = "10.1103/PhysRevD.94.063510",
    journal = "Phys. Rev. D",
    volume = "94",
    number = "6",
    pages = "063510",
    year = "2016"
}

@article{Las,
  title = {Radiation perturbations in a flat-Lambda universe},
  author = {{Lasenby et al.}, A.~N.},
  year = {2020},
  month = jun,
  note = {Manuscript in preparation}
}

@ARTICLE{1977PThPh..58.1627O,
       author = {{Omote}, M. and {Kasuya}, M.},
        title = "{The Hamiltonian formalism of the local scale invariant gravitational theory.}",
      journal = {Progress of Theoretical Physics},
     keywords = {Gravitation Theory},
         year = 1977,
        month = jan,
       volume = {58},
        pages = {1627-1634},
          doi = {10.1143/PTP.58.1627},
       adsurl = {https://ui.adsabs.harvard.edu/abs/1977PThPh..58.1627O},
      adsnote = {Provided by the SAO/NASA Astrophysics Data System}
}

@ARTICLE{1982PhLB..109..435S,
       author = {{{\v{S}}ija{\v{c}}ki}, Dj.},
        title = "{Quark confinement and the short-range component of general affine gauge gravity}",
      journal = {Physics Letters B},
         year = 1982,
        month = mar,
       volume = {109},
       number = {6},
        pages = {435-438},
          doi = {10.1016/0370-2693(82)91108-X},
       adsurl = {https://ui.adsabs.harvard.edu/abs/1982PhLB..109..435S},
      adsnote = {Provided by the SAO/NASA Astrophysics Data System}
}

@ARTICLE{1988PhLB..200..489N,
       author = {{Ne'Eman}, Yuval and {{\v{S}}ija{\v{c}}ki}, Djordje},
        title = "{Gravity from symmetry breakdown of a gauge affine theory}",
      journal = {Physics Letters B},
         year = 1988,
        month = jan,
       volume = {200},
       number = {4},
        pages = {489-494},
          doi = {10.1016/0370-2693(88)90157-8},
       adsurl = {https://ui.adsabs.harvard.edu/abs/1988PhLB..200..489N},
      adsnote = {Provided by the SAO/NASA Astrophysics Data System}
}

@ARTICLE{2020arXiv200410788F,
       author = {{Formiga}, J.~B.},
        title = "{The meaning of torsion in teleparallel theories}",
      journal = {arXiv e-prints},
     keywords = {General Relativity and Quantum Cosmology, Mathematical Physics},
         year = 2020,
        month = apr,
          eid = {arXiv:2004.10788},
        pages = {arXiv:2004.10788},
archivePrefix = {arXiv},
       eprint = {2004.10788},
 primaryClass = {gr-qc},
       adsurl = {https://ui.adsabs.harvard.edu/abs/2020arXiv200410788F},
      adsnote = {Provided by the SAO/NASA Astrophysics Data System}
}

@ARTICLE{2015PhRvD..91h4023D,
       author = {{Darabi}, F. and {Mousavi}, M. and {Atazadeh}, K.},
        title = "{Geodesic deviation equation in f (T ) gravity}",
      journal = {\prd},
     keywords = {04.50.Kd, 04.20.Cv, 04.20.Jb, Modified theories of gravity, Fundamental problems and general formalism, Exact solutions, General Relativity and Quantum Cosmology},
         year = 2015,
        month = apr,
       volume = {91},
       number = {8},
          eid = {084023},
        pages = {084023},
          doi = {10.1103/PhysRevD.91.084023},
archivePrefix = {arXiv},
       eprint = {1501.00103},
 primaryClass = {gr-qc},
       adsurl = {https://ui.adsabs.harvard.edu/abs/2015PhRvD..91h4023D},
      adsnote = {Provided by the SAO/NASA Astrophysics Data System}
}

@article{deAndrade:2000kr,
    author = "de Andrade, V.C. and Guillen, L.C.T. and Pereira, J.G.",
    title = "{Gravitational energy momentum density in teleparallel gravity}",
    eprint = "gr-qc/0003100",
    archivePrefix = "arXiv",
    reportNumber = "IFT-P-032-2000",
    doi = "10.1103/PhysRevLett.84.4533",
    journal = "Phys. Rev. Lett.",
    volume = "84",
    pages = "4533--4536",
    year = "2000"
}

@ARTICLE{2004EPJC...34..447H,
       author = {{Hirn}, J. and {Stern}, J.},
        title = "{The role of spurions in Higgs-less electroweak effective theories}",
      journal = {European Physical Journal C},
     keywords = {High Energy Physics - Phenomenology, High Energy Physics - Theory},
         year = 2004,
        month = may,
       volume = {34},
       number = {4},
        pages = {447-475},
          doi = {10.1140/epjc/s2004-01731-7},
archivePrefix = {arXiv},
       eprint = {hep-ph/0401032},
 primaryClass = {hep-ph},
       adsurl = {https://ui.adsabs.harvard.edu/abs/2004EPJC...34..447H},
      adsnote = {Provided by the SAO/NASA Astrophysics Data System}
}

@ARTICLE{2006gr.qc.....6062T,
       author = {{Trautman}, Andrzej},
        title = "{Einstein-Cartan Theory}",
      journal = {arXiv e-prints},
     keywords = {General Relativity and Quantum Cosmology},
         year = 2006,
        month = jun,
          eid = {gr-qc/0606062},
        pages = {gr-qc/0606062},
archivePrefix = {arXiv},
       eprint = {gr-qc/0606062},
 primaryClass = {gr-qc},
       adsurl = {https://ui.adsabs.harvard.edu/abs/2006gr.qc.....6062T},
      adsnote = {Provided by the SAO/NASA Astrophysics Data System}
}

@ARTICLE{2001PhRvD..64h3510N,
       author = {{Ng}, S.~C.~C. and {Nunes}, N.~J. and {Rosati}, F.},
        title = "{Applications of scalar attractor solutions to cosmology}",
      journal = {\prd},
     keywords = {98.80.Cq, Particle-theory and field-theory models of the early Universe, Astrophysics, General Relativity and Quantum Cosmology, High Energy Physics - Phenomenology, High Energy Physics - Theory},
         year = 2001,
        month = oct,
       volume = {64},
       number = {8},
        pages = {083510},
          doi = {10.1103/PhysRevD.64.083510},
archivePrefix = {arXiv},
       eprint = {astro-ph/0107321},
 primaryClass = {astro-ph},
       adsurl = {https://ui.adsabs.harvard.edu/abs/2001PhRvD..64h3510N},
      adsnote = {Provided by the SAO/NASA Astrophysics Data System}
}

@ARTICLE{2020arXiv200502228L,
       author = {{Lin}, Yun-Cherng and {Hobson}, Michael P. and {Lasenby}, Anthony N.},
        title = "{Ghost and tachyon free Weyl gauge theories: a systematic approach}",
      journal = {arXiv e-prints},
     keywords = {General Relativity and Quantum Cosmology, High Energy Physics - Theory},
         year = 2020,
        month = may,
          eid = {arXiv:2005.02228},
        pages = {arXiv:2005.02228},
archivePrefix = {arXiv},
       eprint = {2005.02228},
 primaryClass = {gr-qc},
       adsurl = {https://ui.adsabs.harvard.edu/abs/2020arXiv200502228L},
      adsnote = {Provided by the SAO/NASA Astrophysics Data System}
}

@ARTICLE{2012arXiv1205.3807H,
       author = {{Hartle}, James B. and {Hawking}, S.~W. and {Hertog}, Thomas},
        title = "{Accelerated Expansion from Negative \textbackslashLambda}",
      journal = {arXiv e-prints},
     keywords = {High Energy Physics - Theory, General Relativity and Quantum Cosmology, High Energy Physics - Phenomenology},
         year = 2012,
        month = may,
          eid = {arXiv:1205.3807},
        pages = {arXiv:1205.3807},
archivePrefix = {arXiv},
       eprint = {1205.3807},
 primaryClass = {hep-th},
       adsurl = {https://ui.adsabs.harvard.edu/abs/2012arXiv1205.3807H},
      adsnote = {Provided by the SAO/NASA Astrophysics Data System}
}

@ARTICLE{2014JHEP...06..095M,
       author = {{Maeda}, Kei-ichi and {Ohta}, Nobuyoshi},
        title = "{Cosmic acceleration with a negative cosmological constant in higher dimensions}",
      journal = {Journal of High Energy Physics},
     keywords = {Cosmology of Theories beyond the SM, Supergravity Models, Superstrings and Heterotic Strings, Classical Theories of Gravity, High Energy Physics - Theory, General Relativity and Quantum Cosmology},
         year = 2014,
        month = jun,
       volume = {2014},
          eid = {95},
        pages = {95},
          doi = {10.1007/JHEP06(2014)095},
archivePrefix = {arXiv},
       eprint = {1404.0561},
 primaryClass = {hep-th},
       adsurl = {https://ui.adsabs.harvard.edu/abs/2014JHEP...06..095M},
      adsnote = {Provided by the SAO/NASA Astrophysics Data System}
}

@ARTICLE{2009PhRvD..80b3519B,
       author = {{Biswas}, Tirthabir and {Mazumdar}, Anupam},
        title = "{Inflation with a negative cosmological constant}",
      journal = {\prd},
     keywords = {98.80.Cq, Particle-theory and field-theory models of the early Universe, High Energy Physics - Theory, Astrophysics - Cosmology and Extragalactic Astrophysics, General Relativity and Quantum Cosmology},
         year = 2009,
        month = jul,
       volume = {80},
       number = {2},
          eid = {023519},
        pages = {023519},
          doi = {10.1103/PhysRevD.80.023519},
archivePrefix = {arXiv},
       eprint = {0901.4930},
 primaryClass = {hep-th},
       adsurl = {https://ui.adsabs.harvard.edu/abs/2009PhRvD..80b3519B},
      adsnote = {Provided by the SAO/NASA Astrophysics Data System}
}

@ARTICLE{2011arXiv1105.0078P,
       author = {{Prokopec}, Tomislav},
        title = "{Negative Energy Cosmology and the Cosmological Constant}",
      journal = {arXiv e-prints},
     keywords = {Astrophysics - Cosmology and Extragalactic Astrophysics, General Relativity and Quantum Cosmology, High Energy Physics - Theory},
         year = 2011,
        month = apr,
          eid = {arXiv:1105.0078},
        pages = {arXiv:1105.0078},
archivePrefix = {arXiv},
       eprint = {1105.0078},
 primaryClass = {astro-ph.CO},
       adsurl = {https://ui.adsabs.harvard.edu/abs/2011arXiv1105.0078P},
      adsnote = {Provided by the SAO/NASA Astrophysics Data System}
}

@ARTICLE{2010MNRAS.405.2009Y,
       author = {{Yadav}, Jaswant K. and {Bagla}, J.~S. and {Khandai}, Nishikanta},
        title = "{Fractal dimension as a measure of the scale of homogeneity}",
      journal = {\mnras},
     keywords = {methods: statistical, cosmology: theory, large-scale structure of Universe, Astrophysics - Cosmology and Nongalactic Astrophysics},
         year = 2010,
        month = jul,
       volume = {405},
       number = {3},
        pages = {2009-2015},
          doi = {10.1111/j.1365-2966.2010.16612.x},
archivePrefix = {arXiv},
       eprint = {1001.0617},
 primaryClass = {astro-ph.CO},
       adsurl = {https://ui.adsabs.harvard.edu/abs/2010MNRAS.405.2009Y},
      adsnote = {Provided by the SAO/NASA Astrophysics Data System}
}

@ARTICLE{2018MNRAS.475L..20G,
       author = {{Gon{\c{c}}alves}, R.~S. and {Carvalho}, G.~C. and
         {Bengaly}, C.~A.~P., Jr. and {Carvalho}, J.~C. and {Bernui}, A. and
         {Alcaniz}, J.~S. and {Maartens}, R.},
        title = "{Cosmic homogeneity: a spectroscopic and model-independent measurement}",
      journal = {\mnras},
     keywords = {large-scale structure of Universe, Cosmology: observations, Astrophysics - Cosmology and Nongalactic Astrophysics},
         year = 2018,
        month = mar,
       volume = {475},
       number = {1},
        pages = {L20-L24},
          doi = {10.1093/mnrasl/slx202},
archivePrefix = {arXiv},
       eprint = {1710.02496},
 primaryClass = {astro-ph.CO},
       adsurl = {https://ui.adsabs.harvard.edu/abs/2018MNRAS.475L..20G},
      adsnote = {Provided by the SAO/NASA Astrophysics Data System}
}

@ARTICLE{2018JCAP...09..025M,
       author = {{M{\"o}rtsell}, Edvard and {Dhawan}, Suhail},
        title = "{Does the Hubble constant tension call for new physics?}",
      journal = {Journal of Cosmology and Astroparticle Physics},
     keywords = {Astrophysics - Cosmology and Nongalactic Astrophysics},
         year = "2018",
        month = "Sep",
       volume = {2018},
       number = {9},
          eid = {025},
        pages = {025},
          doi = {10.1088/1475-7516/2018/09/025},
archivePrefix = {arXiv},
       eprint = {1801.07260},
 primaryClass = {astro-ph.CO},
       adsurl = {https://ui.adsabs.harvard.edu/abs/2018JCAP...09..025M},
      adsnote = {Provided by the SAO/NASA Astrophysics Data System}
}


@ARTICLE{2019JCAP...10..029S,
       author = {{Sch{\"o}neberg}, Nils and {Lesgourgues}, Julien and {Hooper}, Deanna C.},
        title = "{The BAO+BBN take on the Hubble tension}",
      journal = {Journal of Cosmology and Astroparticle Physics},
     keywords = {Astrophysics - Cosmology and Nongalactic Astrophysics, General Relativity and Quantum Cosmology, High Energy Physics - Phenomenology},
         year = 2019,
        month = oct,
       volume = {2019},
       number = {10},
          eid = {029},
        pages = {029},
          doi = {10.1088/1475-7516/2019/10/029},
archivePrefix = {arXiv},
       eprint = {1907.11594},
 primaryClass = {astro-ph.CO},
       adsurl = {https://ui.adsabs.harvard.edu/abs/2019JCAP...10..029S},
      adsnote = {Provided by the SAO/NASA Astrophysics Data System}
}

@ARTICLE{2011arXiv1105.6296K,
       author = {{Koksma}, Jurjen F. and {Prokopec}, Tomislav},
        title = "{The Cosmological Constant and Lorentz Invariance of the Vacuum State}",
      journal = {arXiv e-prints},
     keywords = {General Relativity and Quantum Cosmology, Astrophysics - Cosmology and Extragalactic Astrophysics, High Energy Physics - Theory},
         year = 2011,
        month = may,
          eid = {arXiv:1105.6296},
        pages = {arXiv:1105.6296},
archivePrefix = {arXiv},
       eprint = {1105.6296},
 primaryClass = {gr-qc},
       adsurl = {https://ui.adsabs.harvard.edu/abs/2011arXiv1105.6296K},
      adsnote = {Provided by the SAO/NASA Astrophysics Data System}
}

@ARTICLE{2019arXiv191101696S,
       author = {{Scholz}, Erhard},
        title = "{Gauging the spacetime metric -- looking back and forth a century later}",
      journal = {arXiv e-prints},
     keywords = {Physics - History and Philosophy of Physics, General Relativity and Quantum Cosmology, High Energy Physics - Theory, Mathematics - Differential Geometry, Mathematics - History and Overview},
         year = 2019,
        month = nov,
          eid = {arXiv:1911.01696},
        pages = {arXiv:1911.01696},
archivePrefix = {arXiv},
       eprint = {1911.01696},
 primaryClass = {physics.hist-ph},
       adsurl = {https://ui.adsabs.harvard.edu/abs/2019arXiv191101696S},
      adsnote = {Provided by the SAO/NASA Astrophysics Data System}
}

@ARTICLE{1973PThPh..50.2080U,
       author = {{Utiyama}, R.},
        title = "{On Weyl's Gauge Field}",
      journal = {Progress of Theoretical Physics},
         year = 1973,
        month = dec,
       volume = {50},
       number = {6},
        pages = {2080-2090},
          doi = {10.1143/PTP.50.2080},
       adsurl = {https://ui.adsabs.harvard.edu/abs/1973PThPh..50.2080U},
      adsnote = {Provided by the SAO/NASA Astrophysics Data System}
}

@ARTICLE{1975PThPh..53..565U,
       author = {{Utiyama}, R.},
        title = "{On Weyl's Gauge Field. II}",
      journal = {Progress of Theoretical Physics},
         year = 1975,
        month = feb,
       volume = {53},
       number = {2},
        pages = {565-574},
          doi = {10.1143/PTP.53.565},
       adsurl = {https://ui.adsabs.harvard.edu/abs/1975PThPh..53..565U},
      adsnote = {Provided by the SAO/NASA Astrophysics Data System}
}

@ARTICLE{1997PhLA..228..223L,
       author = {{L{\"a}mmerzahl}, Claus},
        title = "{Constraints on space-time torsion from Hughes-Drever experiments}",
      journal = {Physics Letters A},
     keywords = {General Relativity and Quantum Cosmology},
         year = 1997,
        month = feb,
       volume = {228},
       number = {4},
        pages = {223-231},
          doi = {10.1016/S0375-9601(97)00127-8},
archivePrefix = {arXiv},
       eprint = {gr-qc/9704047},
 primaryClass = {gr-qc},
       adsurl = {https://ui.adsabs.harvard.edu/abs/1997PhLA..228..223L},
      adsnote = {Provided by the SAO/NASA Astrophysics Data System}
}

@ARTICLE{2014IJMPD..2342004P,
       author = {{Puetzfeld}, Dirk and {Obukhov}, Yuri N.},
        title = "{Prospects of detecting spacetime torsion}",
      journal = {International Journal of Modern Physics D},
     keywords = {Equations of motion, modified gravity theories, spacetime torsion, 04.50.Kd, 04.20.Cv, 04.20.Fy, Modified theories of gravity, Fundamental problems and general formalism, Canonical formalism Lagrangians and variational principles, General Relativity and Quantum Cosmology, Astrophysics - Cosmology and Nongalactic Astrophysics, High Energy Physics - Theory},
         year = 2014,
        month = aug,
       volume = {23},
       number = {12},
          eid = {1442004},
        pages = {1442004},
          doi = {10.1142/S0218271814420048},
archivePrefix = {arXiv},
       eprint = {1405.4137},
 primaryClass = {gr-qc},
       adsurl = {https://ui.adsabs.harvard.edu/abs/2014IJMPD..2342004P},
      adsnote = {Provided by the SAO/NASA Astrophysics Data System}
}

@ARTICLE{2010RPPh...73e6901N,
       author = {{Ni}, Wei-Tou},
        title = "{Searches for the role of spin and polarization in gravity}",
      journal = {Reports on Progress in Physics},
     keywords = {General Relativity and Quantum Cosmology, Astrophysics - Cosmology and Extragalactic Astrophysics, High Energy Physics - Phenomenology, High Energy Physics - Theory},
         year = 2010,
        month = may,
       volume = {73},
       number = {5},
          eid = {056901},
        pages = {056901},
          doi = {10.1088/0034-4885/73/5/056901},
archivePrefix = {arXiv},
       eprint = {0912.5057},
 primaryClass = {gr-qc},
       adsurl = {https://ui.adsabs.harvard.edu/abs/2010RPPh...73e6901N},
      adsnote = {Provided by the SAO/NASA Astrophysics Data System}
}

@ARTICLE{2009PhRvD..80h1502A,
       author = {{Afshordi}, Niayesh},
        title = "{Cuscuton and low-energy limit of Ho{\v{r}}ava-Lifshitz gravity}",
      journal = {\prd},
     keywords = {04.50.Kd, 98.80.Cq, Modified theories of gravity, Particle-theory and field-theory models of the early Universe, High Energy Physics - Theory, Astrophysics - Cosmology and Extragalactic Astrophysics, General Relativity and Quantum Cosmology},
         year = 2009,
        month = oct,
       volume = {80},
       number = {8},
          eid = {081502},
        pages = {081502},
          doi = {10.1103/PhysRevD.80.081502},
archivePrefix = {arXiv},
       eprint = {0907.5201},
 primaryClass = {hep-th},
       adsurl = {https://ui.adsabs.harvard.edu/abs/2009PhRvD..80h1502A},
      adsnote = {Provided by the SAO/NASA Astrophysics Data System}
}

@ARTICLE{2006PrPNP..56..340M,
       author = {{Mannheim}, Philip D.},
        title = "{Alternatives to dark matter and dark energy}",
      journal = {Progress in Particle and Nuclear Physics},
     keywords = {Astrophysics, General Relativity and Quantum Cosmology},
         year = 2006,
        month = apr,
	 note = {page 15, footnote 20},
       volume = {56},
       number = {2},
        pages = {340-445},
          doi = {10.1016/j.ppnp.2005.08.001},
archivePrefix = {arXiv},
       eprint = {astro-ph/0505266},
 primaryClass = {astro-ph},
       adsurl = {https://ui.adsabs.harvard.edu/abs/2006PrPNP..56..340M},
      adsnote = {Provided by the SAO/NASA Astrophysics Data System}
}

@ARTICLE{2020arXiv200306396Z,
       author = {{Zumalacarregui}, Miguel},
        title = "{Gravity in the Era of Equality: Towards solutions to the Hubble problem without fine-tuned initial conditions}",
      journal = {arXiv e-prints},
     keywords = {Astrophysics - Cosmology and Nongalactic Astrophysics, General Relativity and Quantum Cosmology, High Energy Physics - Phenomenology, High Energy Physics - Theory},
         year = 2020,
        month = mar,
          eid = {arXiv:2003.06396},
        pages = {arXiv:2003.06396},
archivePrefix = {arXiv},
       eprint = {2003.06396},
 primaryClass = {astro-ph.CO},
       adsurl = {https://ui.adsabs.harvard.edu/abs/2020arXiv200306396Z},
      adsnote = {Provided by the SAO/NASA Astrophysics Data System}
}

@article{Buoninfante:2016iuf,
    author = "Buoninfante, Luca",
    title = "{Ghost and singularity free theories of gravity}",
    eprint = "1610.08744",
    archivePrefix = "arXiv",
    primaryClass = "gr-qc",
    month = "10",
    year = "2016"
}

@inproceedings{Porrati:2012rd,
    author = "Porrati, M.",
    title = "{Old and New No Go Theorems on Interacting Massless Particles in Flat Space}",
    booktitle = "{17th International Seminar on High Energy Physics}",
    eprint = "1209.4876",
    archivePrefix = "arXiv",
    primaryClass = "hep-th",
    month = "9",
    year = "2012"
}

@ARTICLE{2019PhRvD.100f4018B,
       author = {{Bahamonde}, Sebastian and {Dialektopoulos}, Konstantinos F. and
         {Said}, Jackson Levi},
        title = "{Can Horndeski theory be recast using teleparallel gravity?}",
      journal = {\prd},
     keywords = {General Relativity and Quantum Cosmology},
         year = 2019,
        month = sep,
       volume = {100},
       number = {6},
          eid = {064018},
        pages = {064018},
          doi = {10.1103/PhysRevD.100.064018},
archivePrefix = {arXiv},
       eprint = {1904.10791},
 primaryClass = {gr-qc},
       adsurl = {https://ui.adsabs.harvard.edu/abs/2019PhRvD.100f4018B},
      adsnote = {Provided by the SAO/NASA Astrophysics Data System}
}


